%YAML 1.1
%TAG !u! tag:unity3d.com,2011:
--- !u!29 &1
OcclusionCullingSettings:
  m_ObjectHideFlags: 0
  serializedVersion: 2
  m_OcclusionBakeSettings:
    smallestOccluder: 5
    smallestHole: 0.25
    backfaceThreshold: 100
  m_SceneGUID: 00000000000000000000000000000000
  m_OcclusionCullingData: {fileID: 0}
--- !u!104 &2
RenderSettings:
  m_ObjectHideFlags: 0
  serializedVersion: 8
  m_Fog: 0
  m_FogColor: {r: 0.5, g: 0.5, b: 0.5, a: 1}
  m_FogMode: 3
  m_FogDensity: 0.01
  m_LinearFogStart: 0
  m_LinearFogEnd: 300
  m_AmbientSkyColor: {r: 0.212, g: 0.227, b: 0.259, a: 1}
  m_AmbientEquatorColor: {r: 0.114, g: 0.125, b: 0.133, a: 1}
  m_AmbientGroundColor: {r: 0.047, g: 0.043, b: 0.035, a: 1}
  m_AmbientIntensity: 1
  m_AmbientMode: 3
  m_SubtractiveShadowColor: {r: 0.42, g: 0.478, b: 0.627, a: 1}
  m_SkyboxMaterial: {fileID: 0}
  m_HaloStrength: 0.5
  m_FlareStrength: 1
  m_FlareFadeSpeed: 3
  m_HaloTexture: {fileID: 0}
  m_SpotCookie: {fileID: 10001, guid: 0000000000000000e000000000000000, type: 0}
  m_DefaultReflectionMode: 0
  m_DefaultReflectionResolution: 128
  m_ReflectionBounces: 1
  m_ReflectionIntensity: 1
  m_CustomReflection: {fileID: 0}
  m_Sun: {fileID: 0}
  m_IndirectSpecularColor: {r: 0, g: 0, b: 0, a: 1}
--- !u!157 &3
LightmapSettings:
  m_ObjectHideFlags: 0
  serializedVersion: 11
  m_GIWorkflowMode: 1
  m_GISettings:
    serializedVersion: 2
    m_BounceScale: 1
    m_IndirectOutputScale: 1
    m_AlbedoBoost: 1
    m_TemporalCoherenceThreshold: 1
    m_EnvironmentLightingMode: 0
    m_EnableBakedLightmaps: 0
    m_EnableRealtimeLightmaps: 0
  m_LightmapEditorSettings:
    serializedVersion: 9
    m_Resolution: 2
    m_BakeResolution: 40
    m_TextureWidth: 1024
    m_TextureHeight: 1024
    m_AO: 0
    m_AOMaxDistance: 1
    m_CompAOExponent: 1
    m_CompAOExponentDirect: 0
    m_Padding: 2
    m_LightmapParameters: {fileID: 0}
    m_LightmapsBakeMode: 1
    m_TextureCompression: 1
    m_FinalGather: 0
    m_FinalGatherFiltering: 1
    m_FinalGatherRayCount: 256
    m_ReflectionCompression: 2
    m_MixedBakeMode: 2
    m_BakeBackend: 0
    m_PVRSampling: 1
    m_PVRDirectSampleCount: 32
    m_PVRSampleCount: 500
    m_PVRBounces: 2
    m_PVRFilterTypeDirect: 0
    m_PVRFilterTypeIndirect: 0
    m_PVRFilterTypeAO: 0
    m_PVRFilteringMode: 1
    m_PVRCulling: 1
    m_PVRFilteringGaussRadiusDirect: 1
    m_PVRFilteringGaussRadiusIndirect: 5
    m_PVRFilteringGaussRadiusAO: 2
    m_PVRFilteringAtrousPositionSigmaDirect: 0.5
    m_PVRFilteringAtrousPositionSigmaIndirect: 2
    m_PVRFilteringAtrousPositionSigmaAO: 1
    m_ShowResolutionOverlay: 1
  m_LightingDataAsset: {fileID: 0}
  m_UseShadowmask: 1
--- !u!196 &4
NavMeshSettings:
  serializedVersion: 2
  m_ObjectHideFlags: 0
  m_BuildSettings:
    serializedVersion: 2
    agentTypeID: 0
    agentRadius: 0.5
    agentHeight: 2
    agentSlope: 45
    agentClimb: 0.4
    ledgeDropHeight: 0
    maxJumpAcrossDistance: 0
    minRegionArea: 2
    manualCellSize: 0
    cellSize: 0.16666667
    manualTileSize: 0
    tileSize: 256
    accuratePlacement: 0
    debug:
      m_Flags: 0
  m_NavMeshData: {fileID: 0}
--- !u!1 &17593062
GameObject:
  m_ObjectHideFlags: 0
  m_PrefabParentObject: {fileID: 0}
  m_PrefabInternal: {fileID: 0}
  serializedVersion: 5
  m_Component:
  - component: {fileID: 17593064}
  - component: {fileID: 17593063}
  m_Layer: 0
  m_Name: Background Scandinavia2
  m_TagString: Untagged
  m_Icon: {fileID: 0}
  m_NavMeshLayer: 0
  m_StaticEditorFlags: 0
  m_IsActive: 1
--- !u!212 &17593063
SpriteRenderer:
  m_ObjectHideFlags: 0
  m_PrefabParentObject: {fileID: 0}
  m_PrefabInternal: {fileID: 0}
  m_GameObject: {fileID: 17593062}
  m_Enabled: 1
  m_CastShadows: 0
  m_ReceiveShadows: 0
  m_DynamicOccludee: 1
  m_MotionVectors: 1
  m_LightProbeUsage: 1
  m_ReflectionProbeUsage: 1
  m_Materials:
  - {fileID: 10754, guid: 0000000000000000f000000000000000, type: 0}
  m_StaticBatchInfo:
    firstSubMesh: 0
    subMeshCount: 0
  m_StaticBatchRoot: {fileID: 0}
  m_ProbeAnchor: {fileID: 0}
  m_LightProbeVolumeOverride: {fileID: 0}
  m_ScaleInLightmap: 1
  m_PreserveUVs: 0
  m_IgnoreNormalsForChartDetection: 0
  m_ImportantGI: 0
  m_StitchLightmapSeams: 0
  m_SelectedEditorRenderState: 0
  m_MinimumChartSize: 4
  m_AutoUVMaxDistance: 0.5
  m_AutoUVMaxAngle: 89
  m_LightmapParameters: {fileID: 0}
  m_SortingLayerID: 0
  m_SortingLayer: 0
  m_SortingOrder: -5
  m_Sprite: {fileID: 21300000, guid: cadc7bec2ec7e67428011c72331a9e62, type: 3}
  m_Color: {r: 1, g: 1, b: 1, a: 1}
  m_FlipX: 0
  m_FlipY: 0
  m_DrawMode: 0
  m_Size: {x: 30, y: 10.8}
  m_AdaptiveModeThreshold: 0.5
  m_SpriteTileMode: 0
  m_WasSpriteAssigned: 1
  m_MaskInteraction: 0
--- !u!4 &17593064
Transform:
  m_ObjectHideFlags: 0
  m_PrefabParentObject: {fileID: 0}
  m_PrefabInternal: {fileID: 0}
  m_GameObject: {fileID: 17593062}
  m_LocalRotation: {x: -0, y: -0, z: -0, w: 1}
  m_LocalPosition: {x: -34.351986, y: 0.20842361, z: 0.7175559}
  m_LocalScale: {x: 3, y: 2.5, z: 1}
  m_Children: []
  m_Father: {fileID: 1739744753}
  m_RootOrder: 0
  m_LocalEulerAnglesHint: {x: 0, y: 0, z: 0}
--- !u!1 &35306117
GameObject:
  m_ObjectHideFlags: 0
  m_PrefabParentObject: {fileID: 0}
  m_PrefabInternal: {fileID: 0}
  serializedVersion: 5
  m_Component:
  - component: {fileID: 35306118}
  m_Layer: 0
  m_Name: Enemies
  m_TagString: Untagged
  m_Icon: {fileID: 0}
  m_NavMeshLayer: 0
  m_StaticEditorFlags: 0
  m_IsActive: 1
--- !u!4 &35306118
Transform:
  m_ObjectHideFlags: 0
  m_PrefabParentObject: {fileID: 0}
  m_PrefabInternal: {fileID: 0}
  m_GameObject: {fileID: 35306117}
  m_LocalRotation: {x: 0, y: 0, z: 0, w: 1}
  m_LocalPosition: {x: 68.651985, y: 4.6915765, z: 0.28244415}
  m_LocalScale: {x: 1, y: 1, z: 1}
  m_Children:
  - {fileID: 1649954368}
  - {fileID: 1272105295}
  m_Father: {fileID: 0}
  m_RootOrder: 2
  m_LocalEulerAnglesHint: {x: 0, y: 0, z: 0}
--- !u!1001 &66662170
Prefab:
  m_ObjectHideFlags: 0
  serializedVersion: 2
  m_Modification:
    m_TransformParent: {fileID: 1458285383}
    m_Modifications:
    - target: {fileID: 4934086581962940, guid: 4ee875fcc6e297e4289783a81bab5601, type: 2}
      propertyPath: m_LocalPosition.x
      value: -34.42
      objectReference: {fileID: 0}
    - target: {fileID: 4934086581962940, guid: 4ee875fcc6e297e4289783a81bab5601, type: 2}
      propertyPath: m_LocalPosition.y
      value: -8.869602
      objectReference: {fileID: 0}
    - target: {fileID: 4934086581962940, guid: 4ee875fcc6e297e4289783a81bab5601, type: 2}
      propertyPath: m_LocalPosition.z
      value: -0.96195513
      objectReference: {fileID: 0}
    - target: {fileID: 4934086581962940, guid: 4ee875fcc6e297e4289783a81bab5601, type: 2}
      propertyPath: m_LocalRotation.x
      value: -0
      objectReference: {fileID: 0}
    - target: {fileID: 4934086581962940, guid: 4ee875fcc6e297e4289783a81bab5601, type: 2}
      propertyPath: m_LocalRotation.y
      value: -0
      objectReference: {fileID: 0}
    - target: {fileID: 4934086581962940, guid: 4ee875fcc6e297e4289783a81bab5601, type: 2}
      propertyPath: m_LocalRotation.z
      value: -0
      objectReference: {fileID: 0}
    - target: {fileID: 4934086581962940, guid: 4ee875fcc6e297e4289783a81bab5601, type: 2}
      propertyPath: m_LocalRotation.w
      value: 1
      objectReference: {fileID: 0}
    - target: {fileID: 4934086581962940, guid: 4ee875fcc6e297e4289783a81bab5601, type: 2}
      propertyPath: m_RootOrder
      value: 7
      objectReference: {fileID: 0}
    - target: {fileID: 1519330457873278, guid: 4ee875fcc6e297e4289783a81bab5601, type: 2}
      propertyPath: m_Name
      value: Ground
      objectReference: {fileID: 0}
    m_RemovedComponents: []
  m_ParentPrefab: {fileID: 100100000, guid: 4ee875fcc6e297e4289783a81bab5601, type: 2}
  m_IsPrefabParent: 0
--- !u!4 &66662171 stripped
Transform:
  m_PrefabParentObject: {fileID: 4934086581962940, guid: 4ee875fcc6e297e4289783a81bab5601,
    type: 2}
  m_PrefabInternal: {fileID: 66662170}
--- !u!4 &112455185 stripped
Transform:
  m_PrefabParentObject: {fileID: 4909854016779904, guid: c17d96fdb6c32934b81783f980a034fb,
    type: 2}
  m_PrefabInternal: {fileID: 453769372}
--- !u!1001 &131497521
Prefab:
  m_ObjectHideFlags: 0
  serializedVersion: 2
  m_Modification:
    m_TransformParent: {fileID: 1739744753}
    m_Modifications:
    - target: {fileID: 4004889117467480, guid: fbb7f8af8d3e59040a06b52994e4fab2, type: 2}
      propertyPath: m_LocalPosition.x
      value: -31.851986
      objectReference: {fileID: 0}
    - target: {fileID: 4004889117467480, guid: fbb7f8af8d3e59040a06b52994e4fab2, type: 2}
      propertyPath: m_LocalPosition.y
      value: -19.061577
      objectReference: {fileID: 0}
    - target: {fileID: 4004889117467480, guid: fbb7f8af8d3e59040a06b52994e4fab2, type: 2}
      propertyPath: m_LocalPosition.z
      value: -0.28244415
      objectReference: {fileID: 0}
    - target: {fileID: 4004889117467480, guid: fbb7f8af8d3e59040a06b52994e4fab2, type: 2}
      propertyPath: m_LocalRotation.x
      value: -0
      objectReference: {fileID: 0}
    - target: {fileID: 4004889117467480, guid: fbb7f8af8d3e59040a06b52994e4fab2, type: 2}
      propertyPath: m_LocalRotation.y
      value: -0
      objectReference: {fileID: 0}
    - target: {fileID: 4004889117467480, guid: fbb7f8af8d3e59040a06b52994e4fab2, type: 2}
      propertyPath: m_LocalRotation.z
      value: -0
      objectReference: {fileID: 0}
    - target: {fileID: 4004889117467480, guid: fbb7f8af8d3e59040a06b52994e4fab2, type: 2}
      propertyPath: m_LocalRotation.w
      value: 1
      objectReference: {fileID: 0}
    - target: {fileID: 4004889117467480, guid: fbb7f8af8d3e59040a06b52994e4fab2, type: 2}
      propertyPath: m_RootOrder
      value: 2
      objectReference: {fileID: 0}
    m_RemovedComponents: []
  m_ParentPrefab: {fileID: 100100000, guid: fbb7f8af8d3e59040a06b52994e4fab2, type: 2}
  m_IsPrefabParent: 0
--- !u!4 &131497522 stripped
Transform:
  m_PrefabParentObject: {fileID: 4004889117467480, guid: fbb7f8af8d3e59040a06b52994e4fab2,
    type: 2}
  m_PrefabInternal: {fileID: 131497521}
--- !u!1001 &194409397
Prefab:
  m_ObjectHideFlags: 0
  serializedVersion: 2
  m_Modification:
    m_TransformParent: {fileID: 1458285383}
    m_Modifications:
    - target: {fileID: 4623351309146906, guid: 6c7fc12cdab87144db2a3f3798050598, type: 2}
      propertyPath: m_LocalPosition.x
      value: -7.102936
      objectReference: {fileID: 0}
    - target: {fileID: 4623351309146906, guid: 6c7fc12cdab87144db2a3f3798050598, type: 2}
      propertyPath: m_LocalPosition.y
      value: 0.9
      objectReference: {fileID: 0}
    - target: {fileID: 4623351309146906, guid: 6c7fc12cdab87144db2a3f3798050598, type: 2}
      propertyPath: m_LocalPosition.z
      value: -0.96195513
      objectReference: {fileID: 0}
    - target: {fileID: 4623351309146906, guid: 6c7fc12cdab87144db2a3f3798050598, type: 2}
      propertyPath: m_LocalRotation.x
      value: -0
      objectReference: {fileID: 0}
    - target: {fileID: 4623351309146906, guid: 6c7fc12cdab87144db2a3f3798050598, type: 2}
      propertyPath: m_LocalRotation.y
      value: -0
      objectReference: {fileID: 0}
    - target: {fileID: 4623351309146906, guid: 6c7fc12cdab87144db2a3f3798050598, type: 2}
      propertyPath: m_LocalRotation.z
      value: -0
      objectReference: {fileID: 0}
    - target: {fileID: 4623351309146906, guid: 6c7fc12cdab87144db2a3f3798050598, type: 2}
      propertyPath: m_LocalRotation.w
      value: 1
      objectReference: {fileID: 0}
    - target: {fileID: 4623351309146906, guid: 6c7fc12cdab87144db2a3f3798050598, type: 2}
      propertyPath: m_RootOrder
      value: 1
      objectReference: {fileID: 0}
    - target: {fileID: 1411879177427210, guid: 6c7fc12cdab87144db2a3f3798050598, type: 2}
      propertyPath: m_Name
      value: Ground (6)
      objectReference: {fileID: 0}
    - target: {fileID: 4623351309146906, guid: 6c7fc12cdab87144db2a3f3798050598, type: 2}
      propertyPath: m_LocalScale.x
      value: 0.23536421
      objectReference: {fileID: 0}
    - target: {fileID: 4623351309146906, guid: 6c7fc12cdab87144db2a3f3798050598, type: 2}
      propertyPath: m_LocalScale.y
      value: 0.96211505
      objectReference: {fileID: 0}
    - target: {fileID: 212386828799951442, guid: 6c7fc12cdab87144db2a3f3798050598,
        type: 2}
      propertyPath: m_Sprite
      value: 
      objectReference: {fileID: 21300000, guid: 5b6370326d640f049961f91f3abdcdb2,
        type: 3}
    - target: {fileID: 61392333374706566, guid: 6c7fc12cdab87144db2a3f3798050598,
        type: 2}
      propertyPath: m_SpriteTilingProperty.oldSize.x
      value: 35.079998
      objectReference: {fileID: 0}
    - target: {fileID: 61392333374706566, guid: 6c7fc12cdab87144db2a3f3798050598,
        type: 2}
      propertyPath: m_SpriteTilingProperty.oldSize.y
      value: 24.8
      objectReference: {fileID: 0}
    - target: {fileID: 61392333374706566, guid: 6c7fc12cdab87144db2a3f3798050598,
        type: 2}
      propertyPath: m_Size.x
      value: 28.6
      objectReference: {fileID: 0}
    - target: {fileID: 61392333374706566, guid: 6c7fc12cdab87144db2a3f3798050598,
        type: 2}
      propertyPath: m_Size.y
      value: 1.98
      objectReference: {fileID: 0}
    - target: {fileID: 61392333374706566, guid: 6c7fc12cdab87144db2a3f3798050598,
        type: 2}
      propertyPath: m_Offset.x
      value: -0.5
      objectReference: {fileID: 0}
    - target: {fileID: 61392333374706566, guid: 6c7fc12cdab87144db2a3f3798050598,
        type: 2}
      propertyPath: m_Offset.y
      value: 5.63
      objectReference: {fileID: 0}
    m_RemovedComponents: []
  m_ParentPrefab: {fileID: 100100000, guid: 6c7fc12cdab87144db2a3f3798050598, type: 2}
  m_IsPrefabParent: 0
--- !u!4 &194409398 stripped
Transform:
  m_PrefabParentObject: {fileID: 4623351309146906, guid: 6c7fc12cdab87144db2a3f3798050598,
    type: 2}
  m_PrefabInternal: {fileID: 194409397}
--- !u!1 &212333451
GameObject:
  m_ObjectHideFlags: 0
  m_PrefabParentObject: {fileID: 1653372877961088, guid: 1d49095b4607bf44a89582b63c74eec3,
    type: 2}
  m_PrefabInternal: {fileID: 594832692}
  serializedVersion: 5
  m_Component:
  - component: {fileID: 212333452}
  - component: {fileID: 212333453}
  m_Layer: 0
  m_Name: MjolnirSpawn
  m_TagString: Untagged
  m_Icon: {fileID: -5765324120231101433, guid: 0000000000000000d000000000000000, type: 0}
  m_NavMeshLayer: 0
  m_StaticEditorFlags: 0
  m_IsActive: 1
--- !u!4 &212333452
Transform:
  m_ObjectHideFlags: 0
  m_PrefabParentObject: {fileID: 4255677302042766, guid: 1d49095b4607bf44a89582b63c74eec3,
    type: 2}
  m_PrefabInternal: {fileID: 594832692}
  m_GameObject: {fileID: 212333451}
  m_LocalRotation: {x: -0, y: -0, z: -0, w: 1}
  m_LocalPosition: {x: 0.099999905, y: -8, z: 0}
  m_LocalScale: {x: 10, y: 10, z: 1}
  m_Children: []
  m_Father: {fileID: 112455185}
  m_RootOrder: 8
  m_LocalEulerAnglesHint: {x: 0, y: 0, z: 0}
--- !u!114 &212333453
MonoBehaviour:
  m_ObjectHideFlags: 0
  m_PrefabParentObject: {fileID: 114447983695002818, guid: 1d49095b4607bf44a89582b63c74eec3,
    type: 2}
  m_PrefabInternal: {fileID: 594832692}
  m_GameObject: {fileID: 212333451}
  m_Enabled: 1
  m_EditorHideFlags: 0
  m_Script: {fileID: 11500000, guid: 295e9d0a7a44869488f27dc4165faafd, type: 3}
  m_Name: 
  m_EditorClassIdentifier: 
  mjolnirSpawn: {fileID: 4847356969990372, guid: 47ec957667972e0498981a40091028f9,
    type: 2}
  mjolnir: {fileID: 50336284548414696, guid: 47ec957667972e0498981a40091028f9, type: 2}
  mjolnirSpeed: 300
--- !u!1 &220589329
GameObject:
  m_ObjectHideFlags: 0
  m_PrefabParentObject: {fileID: 0}
  m_PrefabInternal: {fileID: 0}
  serializedVersion: 5
  m_Component:
  - component: {fileID: 220589333}
  - component: {fileID: 220589332}
  - component: {fileID: 220589331}
  - component: {fileID: 220589330}
  m_Layer: 8
  m_Name: Ground (1)
  m_TagString: Untagged
  m_Icon: {fileID: 0}
  m_NavMeshLayer: 0
  m_StaticEditorFlags: 0
  m_IsActive: 1
--- !u!50 &220589330
Rigidbody2D:
  serializedVersion: 4
  m_ObjectHideFlags: 0
  m_PrefabParentObject: {fileID: 0}
  m_PrefabInternal: {fileID: 0}
  m_GameObject: {fileID: 220589329}
  m_BodyType: 2
  m_Simulated: 1
  m_UseFullKinematicContacts: 0
  m_UseAutoMass: 0
  m_Mass: 1
  m_LinearDrag: 0
  m_AngularDrag: 0.05
  m_GravityScale: 1
  m_Material: {fileID: 0}
  m_Interpolate: 0
  m_SleepingMode: 1
  m_CollisionDetection: 0
  m_Constraints: 0
--- !u!61 &220589331
BoxCollider2D:
  m_ObjectHideFlags: 0
  m_PrefabParentObject: {fileID: 0}
  m_PrefabInternal: {fileID: 0}
  m_GameObject: {fileID: 220589329}
  m_Enabled: 1
  m_Density: 1
  m_Material: {fileID: 0}
  m_IsTrigger: 0
  m_UsedByEffector: 0
  m_UsedByComposite: 0
  m_Offset: {x: 1.4, y: -8}
  m_SpriteTilingProperty:
    border: {x: 0, y: 0, z: 0, w: 0}
    pivot: {x: 0.5, y: 0.5}
    oldSize: {x: 35.079998, y: 24.8}
    newSize: {x: 1, y: 1}
    adaptiveTilingThreshold: 0.5
    drawMode: 0
    adaptiveTiling: 0
  m_AutoTiling: 0
  serializedVersion: 2
  m_Size: {x: 27.32, y: 3.41}
  m_EdgeRadius: 0
--- !u!212 &220589332
SpriteRenderer:
  m_ObjectHideFlags: 0
  m_PrefabParentObject: {fileID: 0}
  m_PrefabInternal: {fileID: 0}
  m_GameObject: {fileID: 220589329}
  m_Enabled: 1
  m_CastShadows: 0
  m_ReceiveShadows: 0
  m_DynamicOccludee: 1
  m_MotionVectors: 1
  m_LightProbeUsage: 1
  m_ReflectionProbeUsage: 1
  m_Materials:
  - {fileID: 10754, guid: 0000000000000000f000000000000000, type: 0}
  m_StaticBatchInfo:
    firstSubMesh: 0
    subMeshCount: 0
  m_StaticBatchRoot: {fileID: 0}
  m_ProbeAnchor: {fileID: 0}
  m_LightProbeVolumeOverride: {fileID: 0}
  m_ScaleInLightmap: 1
  m_PreserveUVs: 0
  m_IgnoreNormalsForChartDetection: 0
  m_ImportantGI: 0
  m_StitchLightmapSeams: 0
  m_SelectedEditorRenderState: 0
  m_MinimumChartSize: 4
  m_AutoUVMaxDistance: 0.5
  m_AutoUVMaxAngle: 89
  m_LightmapParameters: {fileID: 0}
  m_SortingLayerID: 0
  m_SortingLayer: 0
  m_SortingOrder: 0
  m_Sprite: {fileID: 21300000, guid: 90ec92435a2b94946a3f3ec82bb50983, type: 3}
  m_Color: {r: 0.24957941, g: 0.45588237, b: 0.13073096, a: 1}
  m_FlipX: 0
  m_FlipY: 0
  m_DrawMode: 0
  m_Size: {x: 1, y: 1}
  m_AdaptiveModeThreshold: 0.5
  m_SpriteTileMode: 0
  m_WasSpriteAssigned: 1
  m_MaskInteraction: 0
--- !u!4 &220589333
Transform:
  m_ObjectHideFlags: 0
  m_PrefabParentObject: {fileID: 0}
  m_PrefabInternal: {fileID: 0}
  m_GameObject: {fileID: 220589329}
  m_LocalRotation: {x: -0, y: -0, z: -0, w: 1}
  m_LocalPosition: {x: -49.034, y: 0.16039836, z: -0.96195513}
  m_LocalScale: {x: 0.8229319, y: 1, z: 1}
  m_Children: []
  m_Father: {fileID: 1458285383}
  m_RootOrder: 6
  m_LocalEulerAnglesHint: {x: 0, y: 0, z: 0}
--- !u!1001 &230469670
Prefab:
  m_ObjectHideFlags: 0
  serializedVersion: 2
  m_Modification:
    m_TransformParent: {fileID: 1458285383}
    m_Modifications:
    - target: {fileID: 4013872148964950, guid: d2c01c4909fb5bc47b3a8162addcf86d, type: 2}
      propertyPath: m_LocalPosition.x
      value: -18.332935
      objectReference: {fileID: 0}
    - target: {fileID: 4013872148964950, guid: d2c01c4909fb5bc47b3a8162addcf86d, type: 2}
      propertyPath: m_LocalPosition.y
      value: -8.469602
      objectReference: {fileID: 0}
    - target: {fileID: 4013872148964950, guid: d2c01c4909fb5bc47b3a8162addcf86d, type: 2}
      propertyPath: m_LocalPosition.z
      value: -0.96195513
      objectReference: {fileID: 0}
    - target: {fileID: 4013872148964950, guid: d2c01c4909fb5bc47b3a8162addcf86d, type: 2}
      propertyPath: m_LocalRotation.x
      value: -0
      objectReference: {fileID: 0}
    - target: {fileID: 4013872148964950, guid: d2c01c4909fb5bc47b3a8162addcf86d, type: 2}
      propertyPath: m_LocalRotation.y
      value: -0
      objectReference: {fileID: 0}
    - target: {fileID: 4013872148964950, guid: d2c01c4909fb5bc47b3a8162addcf86d, type: 2}
      propertyPath: m_LocalRotation.z
      value: -0
      objectReference: {fileID: 0}
    - target: {fileID: 4013872148964950, guid: d2c01c4909fb5bc47b3a8162addcf86d, type: 2}
      propertyPath: m_LocalRotation.w
      value: 1
      objectReference: {fileID: 0}
    - target: {fileID: 4013872148964950, guid: d2c01c4909fb5bc47b3a8162addcf86d, type: 2}
      propertyPath: m_RootOrder
      value: 3
      objectReference: {fileID: 0}
    - target: {fileID: 1434166943092844, guid: d2c01c4909fb5bc47b3a8162addcf86d, type: 2}
      propertyPath: m_Name
      value: Ground (4)
      objectReference: {fileID: 0}
    - target: {fileID: 212947636826332594, guid: d2c01c4909fb5bc47b3a8162addcf86d,
        type: 2}
      propertyPath: m_Sprite
      value: 
      objectReference: {fileID: 21300000, guid: 5b6370326d640f049961f91f3abdcdb2,
        type: 3}
    - target: {fileID: 4013872148964950, guid: d2c01c4909fb5bc47b3a8162addcf86d, type: 2}
      propertyPath: m_LocalScale.x
      value: 0.32884848
      objectReference: {fileID: 0}
    - target: {fileID: 4013872148964950, guid: d2c01c4909fb5bc47b3a8162addcf86d, type: 2}
      propertyPath: m_LocalScale.y
      value: 1
      objectReference: {fileID: 0}
    - target: {fileID: 61071517797400484, guid: d2c01c4909fb5bc47b3a8162addcf86d,
        type: 2}
      propertyPath: m_SpriteTilingProperty.oldSize.x
      value: 35.079998
      objectReference: {fileID: 0}
    - target: {fileID: 61071517797400484, guid: d2c01c4909fb5bc47b3a8162addcf86d,
        type: 2}
      propertyPath: m_SpriteTilingProperty.oldSize.y
      value: 24.8
      objectReference: {fileID: 0}
    - target: {fileID: 61071517797400484, guid: d2c01c4909fb5bc47b3a8162addcf86d,
        type: 2}
      propertyPath: m_Size.x
      value: 29.03
      objectReference: {fileID: 0}
    - target: {fileID: 61071517797400484, guid: d2c01c4909fb5bc47b3a8162addcf86d,
        type: 2}
      propertyPath: m_Size.y
      value: 2.05
      objectReference: {fileID: 0}
    - target: {fileID: 61071517797400484, guid: d2c01c4909fb5bc47b3a8162addcf86d,
        type: 2}
      propertyPath: m_Offset.x
      value: -0.74
      objectReference: {fileID: 0}
    - target: {fileID: 61071517797400484, guid: d2c01c4909fb5bc47b3a8162addcf86d,
        type: 2}
      propertyPath: m_Offset.y
      value: 5.6
      objectReference: {fileID: 0}
    m_RemovedComponents: []
  m_ParentPrefab: {fileID: 100100000, guid: d2c01c4909fb5bc47b3a8162addcf86d, type: 2}
  m_IsPrefabParent: 0
--- !u!4 &230469671 stripped
Transform:
  m_PrefabParentObject: {fileID: 4013872148964950, guid: d2c01c4909fb5bc47b3a8162addcf86d,
    type: 2}
  m_PrefabInternal: {fileID: 230469670}
--- !u!1001 &231833934
Prefab:
  m_ObjectHideFlags: 0
  serializedVersion: 2
  m_Modification:
    m_TransformParent: {fileID: 0}
    m_Modifications:
    - target: {fileID: 4722465864014084, guid: 8c99d265d32ab474ab04a9ee171fb226, type: 2}
      propertyPath: m_LocalPosition.x
      value: 0
      objectReference: {fileID: 0}
    - target: {fileID: 4722465864014084, guid: 8c99d265d32ab474ab04a9ee171fb226, type: 2}
      propertyPath: m_LocalPosition.y
      value: 0
      objectReference: {fileID: 0}
    - target: {fileID: 4722465864014084, guid: 8c99d265d32ab474ab04a9ee171fb226, type: 2}
      propertyPath: m_LocalPosition.z
      value: -10
      objectReference: {fileID: 0}
    - target: {fileID: 4722465864014084, guid: 8c99d265d32ab474ab04a9ee171fb226, type: 2}
      propertyPath: m_LocalRotation.x
      value: -0
      objectReference: {fileID: 0}
    - target: {fileID: 4722465864014084, guid: 8c99d265d32ab474ab04a9ee171fb226, type: 2}
      propertyPath: m_LocalRotation.y
      value: -0
      objectReference: {fileID: 0}
    - target: {fileID: 4722465864014084, guid: 8c99d265d32ab474ab04a9ee171fb226, type: 2}
      propertyPath: m_LocalRotation.z
      value: -0
      objectReference: {fileID: 0}
    - target: {fileID: 4722465864014084, guid: 8c99d265d32ab474ab04a9ee171fb226, type: 2}
      propertyPath: m_LocalRotation.w
      value: 1
      objectReference: {fileID: 0}
    - target: {fileID: 4722465864014084, guid: 8c99d265d32ab474ab04a9ee171fb226, type: 2}
      propertyPath: m_RootOrder
      value: 0
      objectReference: {fileID: 0}
    m_RemovedComponents: []
  m_ParentPrefab: {fileID: 100100000, guid: 8c99d265d32ab474ab04a9ee171fb226, type: 2}
  m_IsPrefabParent: 0
--- !u!1001 &453769372
Prefab:
  m_ObjectHideFlags: 0
  serializedVersion: 2
  m_Modification:
    m_TransformParent: {fileID: 0}
    m_Modifications:
    - target: {fileID: 4909854016779904, guid: c17d96fdb6c32934b81783f980a034fb, type: 2}
      propertyPath: m_LocalPosition.x
      value: -0.3
      objectReference: {fileID: 0}
    - target: {fileID: 4909854016779904, guid: c17d96fdb6c32934b81783f980a034fb, type: 2}
      propertyPath: m_LocalPosition.y
      value: -2.51
      objectReference: {fileID: 0}
    - target: {fileID: 4909854016779904, guid: c17d96fdb6c32934b81783f980a034fb, type: 2}
      propertyPath: m_LocalPosition.z
      value: 0
      objectReference: {fileID: 0}
    - target: {fileID: 4909854016779904, guid: c17d96fdb6c32934b81783f980a034fb, type: 2}
      propertyPath: m_LocalRotation.x
      value: 0
      objectReference: {fileID: 0}
    - target: {fileID: 4909854016779904, guid: c17d96fdb6c32934b81783f980a034fb, type: 2}
      propertyPath: m_LocalRotation.y
      value: 0
      objectReference: {fileID: 0}
    - target: {fileID: 4909854016779904, guid: c17d96fdb6c32934b81783f980a034fb, type: 2}
      propertyPath: m_LocalRotation.z
      value: 0
      objectReference: {fileID: 0}
    - target: {fileID: 4909854016779904, guid: c17d96fdb6c32934b81783f980a034fb, type: 2}
      propertyPath: m_LocalRotation.w
      value: 1
      objectReference: {fileID: 0}
    - target: {fileID: 4909854016779904, guid: c17d96fdb6c32934b81783f980a034fb, type: 2}
      propertyPath: m_RootOrder
      value: 1
      objectReference: {fileID: 0}
    - target: {fileID: 1371137525959176, guid: c17d96fdb6c32934b81783f980a034fb, type: 2}
      propertyPath: m_TagString
      value: Player
      objectReference: {fileID: 0}
    - target: {fileID: 114355012285901324, guid: c17d96fdb6c32934b81783f980a034fb,
        type: 2}
      propertyPath: mjolnir
      value: 
      objectReference: {fileID: 0}
    - target: {fileID: 61010993398775232, guid: c17d96fdb6c32934b81783f980a034fb,
        type: 2}
      propertyPath: m_EdgeRadius
      value: 0
      objectReference: {fileID: 0}
    - target: {fileID: 114355012285901324, guid: c17d96fdb6c32934b81783f980a034fb,
        type: 2}
      propertyPath: mjolnirSpawn
      value: 
      objectReference: {fileID: 4847356969990372, guid: 47ec957667972e0498981a40091028f9,
        type: 2}
    m_RemovedComponents: []
  m_ParentPrefab: {fileID: 100100000, guid: c17d96fdb6c32934b81783f980a034fb, type: 2}
  m_IsPrefabParent: 0
--- !u!1001 &594832692
Prefab:
  m_ObjectHideFlags: 0
  serializedVersion: 2
  m_Modification:
    m_TransformParent: {fileID: 112455185}
    m_Modifications:
    - target: {fileID: 4255677302042766, guid: 1d49095b4607bf44a89582b63c74eec3, type: 2}
      propertyPath: m_LocalPosition.x
      value: 0.099999905
      objectReference: {fileID: 0}
    - target: {fileID: 4255677302042766, guid: 1d49095b4607bf44a89582b63c74eec3, type: 2}
      propertyPath: m_LocalPosition.y
      value: -7.9999995
      objectReference: {fileID: 0}
    - target: {fileID: 4255677302042766, guid: 1d49095b4607bf44a89582b63c74eec3, type: 2}
      propertyPath: m_LocalPosition.z
      value: 0
      objectReference: {fileID: 0}
    - target: {fileID: 4255677302042766, guid: 1d49095b4607bf44a89582b63c74eec3, type: 2}
      propertyPath: m_LocalRotation.x
      value: -0
      objectReference: {fileID: 0}
    - target: {fileID: 4255677302042766, guid: 1d49095b4607bf44a89582b63c74eec3, type: 2}
      propertyPath: m_LocalRotation.y
      value: -0
      objectReference: {fileID: 0}
    - target: {fileID: 4255677302042766, guid: 1d49095b4607bf44a89582b63c74eec3, type: 2}
      propertyPath: m_LocalRotation.z
      value: -0
      objectReference: {fileID: 0}
    - target: {fileID: 4255677302042766, guid: 1d49095b4607bf44a89582b63c74eec3, type: 2}
      propertyPath: m_LocalRotation.w
      value: 1
      objectReference: {fileID: 0}
    - target: {fileID: 4255677302042766, guid: 1d49095b4607bf44a89582b63c74eec3, type: 2}
      propertyPath: m_RootOrder
      value: 8
      objectReference: {fileID: 0}
    - target: {fileID: 114447983695002818, guid: 1d49095b4607bf44a89582b63c74eec3,
        type: 2}
      propertyPath: mjolnirSpawn
      value: 
      objectReference: {fileID: 4847356969990372, guid: 47ec957667972e0498981a40091028f9,
        type: 2}
    - target: {fileID: 4255677302042766, guid: 1d49095b4607bf44a89582b63c74eec3, type: 2}
      propertyPath: m_LocalScale.x
      value: 10
      objectReference: {fileID: 0}
    - target: {fileID: 4255677302042766, guid: 1d49095b4607bf44a89582b63c74eec3, type: 2}
      propertyPath: m_LocalScale.y
      value: 10
      objectReference: {fileID: 0}
    - target: {fileID: 114447983695002818, guid: 1d49095b4607bf44a89582b63c74eec3,
        type: 2}
      propertyPath: mjolnir
      value: 
      objectReference: {fileID: 50336284548414696, guid: 47ec957667972e0498981a40091028f9,
        type: 2}
    m_RemovedComponents:
    - {fileID: 0}
  m_ParentPrefab: {fileID: 100100000, guid: 1d49095b4607bf44a89582b63c74eec3, type: 2}
  m_IsPrefabParent: 0
--- !u!1001 &1272105294
Prefab:
  m_ObjectHideFlags: 0
  serializedVersion: 2
  m_Modification:
    m_TransformParent: {fileID: 35306118}
    m_Modifications:
    - target: {fileID: 4215434164086492, guid: 4f630fa568d36c3468b82a28cea3e577, type: 2}
      propertyPath: m_LocalPosition.x
      value: -24.17479
      objectReference: {fileID: 0}
    - target: {fileID: 4215434164086492, guid: 4f630fa568d36c3468b82a28cea3e577, type: 2}
      propertyPath: m_LocalPosition.y
      value: 0.71842337
      objectReference: {fileID: 0}
    - target: {fileID: 4215434164086492, guid: 4f630fa568d36c3468b82a28cea3e577, type: 2}
      propertyPath: m_LocalPosition.z
      value: -0.22130114
      objectReference: {fileID: 0}
    - target: {fileID: 4215434164086492, guid: 4f630fa568d36c3468b82a28cea3e577, type: 2}
      propertyPath: m_LocalRotation.x
      value: -0
      objectReference: {fileID: 0}
    - target: {fileID: 4215434164086492, guid: 4f630fa568d36c3468b82a28cea3e577, type: 2}
      propertyPath: m_LocalRotation.y
      value: -0
      objectReference: {fileID: 0}
    - target: {fileID: 4215434164086492, guid: 4f630fa568d36c3468b82a28cea3e577, type: 2}
      propertyPath: m_LocalRotation.z
      value: -0
      objectReference: {fileID: 0}
    - target: {fileID: 4215434164086492, guid: 4f630fa568d36c3468b82a28cea3e577, type: 2}
      propertyPath: m_LocalRotation.w
      value: 1
      objectReference: {fileID: 0}
    - target: {fileID: 4215434164086492, guid: 4f630fa568d36c3468b82a28cea3e577, type: 2}
      propertyPath: m_RootOrder
      value: 1
      objectReference: {fileID: 0}
    - target: {fileID: 1766791319067028, guid: 4f630fa568d36c3468b82a28cea3e577, type: 2}
      propertyPath: m_Name
      value: Bommeltyp (1)
      objectReference: {fileID: 0}
    - target: {fileID: 61120713393482786, guid: 4f630fa568d36c3468b82a28cea3e577,
        type: 2}
      propertyPath: m_Size.y
      value: 29.77
      objectReference: {fileID: 0}
    - target: {fileID: 61120713393482786, guid: 4f630fa568d36c3468b82a28cea3e577,
        type: 2}
      propertyPath: m_Offset.y
      value: 2.35
      objectReference: {fileID: 0}
    m_RemovedComponents: []
  m_ParentPrefab: {fileID: 100100000, guid: 4f630fa568d36c3468b82a28cea3e577, type: 2}
  m_IsPrefabParent: 0
--- !u!4 &1272105295 stripped
Transform:
  m_PrefabParentObject: {fileID: 4215434164086492, guid: 4f630fa568d36c3468b82a28cea3e577,
    type: 2}
  m_PrefabInternal: {fileID: 1272105294}
--- !u!1001 &1375530396
Prefab:
  m_ObjectHideFlags: 0
  serializedVersion: 2
  m_Modification:
    m_TransformParent: {fileID: 1458285383}
    m_Modifications:
    - target: {fileID: 4623351309146906, guid: 6c7fc12cdab87144db2a3f3798050598, type: 2}
      propertyPath: m_LocalPosition.x
      value: -7.6609344
      objectReference: {fileID: 0}
    - target: {fileID: 4623351309146906, guid: 6c7fc12cdab87144db2a3f3798050598, type: 2}
      propertyPath: m_LocalPosition.y
      value: -4.3396015
      objectReference: {fileID: 0}
    - target: {fileID: 4623351309146906, guid: 6c7fc12cdab87144db2a3f3798050598, type: 2}
      propertyPath: m_LocalPosition.z
      value: -0.96195513
      objectReference: {fileID: 0}
    - target: {fileID: 4623351309146906, guid: 6c7fc12cdab87144db2a3f3798050598, type: 2}
      propertyPath: m_LocalRotation.x
      value: -0
      objectReference: {fileID: 0}
    - target: {fileID: 4623351309146906, guid: 6c7fc12cdab87144db2a3f3798050598, type: 2}
      propertyPath: m_LocalRotation.y
      value: -0
      objectReference: {fileID: 0}
    - target: {fileID: 4623351309146906, guid: 6c7fc12cdab87144db2a3f3798050598, type: 2}
      propertyPath: m_LocalRotation.z
      value: -0
      objectReference: {fileID: 0}
    - target: {fileID: 4623351309146906, guid: 6c7fc12cdab87144db2a3f3798050598, type: 2}
      propertyPath: m_LocalRotation.w
      value: 1
      objectReference: {fileID: 0}
    - target: {fileID: 4623351309146906, guid: 6c7fc12cdab87144db2a3f3798050598, type: 2}
      propertyPath: m_RootOrder
      value: 2
      objectReference: {fileID: 0}
    - target: {fileID: 1411879177427210, guid: 6c7fc12cdab87144db2a3f3798050598, type: 2}
      propertyPath: m_Name
      value: Ground (5)
      objectReference: {fileID: 0}
    - target: {fileID: 4623351309146906, guid: 6c7fc12cdab87144db2a3f3798050598, type: 2}
      propertyPath: m_LocalScale.x
      value: 0.44715303
      objectReference: {fileID: 0}
    - target: {fileID: 4623351309146906, guid: 6c7fc12cdab87144db2a3f3798050598, type: 2}
      propertyPath: m_LocalScale.y
      value: 1
      objectReference: {fileID: 0}
    - target: {fileID: 212386828799951442, guid: 6c7fc12cdab87144db2a3f3798050598,
        type: 2}
      propertyPath: m_Sprite
      value: 
      objectReference: {fileID: 21300000, guid: 5b6370326d640f049961f91f3abdcdb2,
        type: 3}
    - target: {fileID: 212386828799951442, guid: 6c7fc12cdab87144db2a3f3798050598,
        type: 2}
      propertyPath: m_Color.r
      value: 0.2509804
      objectReference: {fileID: 0}
    - target: {fileID: 212386828799951442, guid: 6c7fc12cdab87144db2a3f3798050598,
        type: 2}
      propertyPath: m_Color.g
      value: 0.45490196
      objectReference: {fileID: 0}
    - target: {fileID: 212386828799951442, guid: 6c7fc12cdab87144db2a3f3798050598,
        type: 2}
      propertyPath: m_Color.b
      value: 0.12941177
      objectReference: {fileID: 0}
    - target: {fileID: 61392333374706566, guid: 6c7fc12cdab87144db2a3f3798050598,
        type: 2}
      propertyPath: m_SpriteTilingProperty.oldSize.x
      value: 35.079998
      objectReference: {fileID: 0}
    - target: {fileID: 61392333374706566, guid: 6c7fc12cdab87144db2a3f3798050598,
        type: 2}
      propertyPath: m_SpriteTilingProperty.oldSize.y
      value: 24.8
      objectReference: {fileID: 0}
    - target: {fileID: 61392333374706566, guid: 6c7fc12cdab87144db2a3f3798050598,
        type: 2}
      propertyPath: m_Size.x
      value: 28.88
      objectReference: {fileID: 0}
    - target: {fileID: 61392333374706566, guid: 6c7fc12cdab87144db2a3f3798050598,
        type: 2}
      propertyPath: m_Size.y
      value: 2.01
      objectReference: {fileID: 0}
    - target: {fileID: 61392333374706566, guid: 6c7fc12cdab87144db2a3f3798050598,
        type: 2}
      propertyPath: m_Offset.x
      value: -0.6
      objectReference: {fileID: 0}
    - target: {fileID: 61392333374706566, guid: 6c7fc12cdab87144db2a3f3798050598,
        type: 2}
      propertyPath: m_Offset.y
      value: 5.61
      objectReference: {fileID: 0}
    m_RemovedComponents: []
  m_ParentPrefab: {fileID: 100100000, guid: 6c7fc12cdab87144db2a3f3798050598, type: 2}
  m_IsPrefabParent: 0
--- !u!4 &1375530397 stripped
Transform:
  m_PrefabParentObject: {fileID: 4623351309146906, guid: 6c7fc12cdab87144db2a3f3798050598,
    type: 2}
  m_PrefabInternal: {fileID: 1375530396}
--- !u!1 &1458285382
GameObject:
  m_ObjectHideFlags: 0
  m_PrefabParentObject: {fileID: 0}
  m_PrefabInternal: {fileID: 0}
  serializedVersion: 5
  m_Component:
  - component: {fileID: 1458285383}
  m_Layer: 0
  m_Name: Platforms
  m_TagString: Untagged
  m_Icon: {fileID: 0}
  m_NavMeshLayer: 0
  m_StaticEditorFlags: 0
  m_IsActive: 1
--- !u!4 &1458285383
Transform:
  m_ObjectHideFlags: 0
  m_PrefabParentObject: {fileID: 0}
  m_PrefabInternal: {fileID: 0}
  m_GameObject: {fileID: 1458285382}
  m_LocalRotation: {x: -0, y: -0, z: -0, w: 1}
  m_LocalPosition: {x: -15.24905, y: -2.851975, z: -0.28244415}
  m_LocalScale: {x: 1, y: 1, z: 1}
  m_Children:
  - {fileID: 1999481409}
  - {fileID: 194409398}
  - {fileID: 1375530397}
  - {fileID: 230469671}
  - {fileID: 1863040319}
  - {fileID: 1850518320}
  - {fileID: 220589333}
  - {fileID: 66662171}
  m_Father: {fileID: 1739744753}
  m_RootOrder: 1
  m_LocalEulerAnglesHint: {x: 0, y: 0, z: 0}
--- !u!1001 &1649954367
Prefab:
  m_ObjectHideFlags: 0
  serializedVersion: 2
  m_Modification:
    m_TransformParent: {fileID: 35306118}
    m_Modifications:
    - target: {fileID: 4215434164086492, guid: 4f630fa568d36c3468b82a28cea3e577, type: 2}
      propertyPath: m_LocalPosition.x
      value: -48.3
      objectReference: {fileID: 0}
    - target: {fileID: 4215434164086492, guid: 4f630fa568d36c3468b82a28cea3e577, type: 2}
      propertyPath: m_LocalPosition.y
      value: -3.8415766
      objectReference: {fileID: 0}
    - target: {fileID: 4215434164086492, guid: 4f630fa568d36c3468b82a28cea3e577, type: 2}
      propertyPath: m_LocalPosition.z
      value: -0.28244415
      objectReference: {fileID: 0}
    - target: {fileID: 4215434164086492, guid: 4f630fa568d36c3468b82a28cea3e577, type: 2}
      propertyPath: m_LocalRotation.x
      value: -0
      objectReference: {fileID: 0}
    - target: {fileID: 4215434164086492, guid: 4f630fa568d36c3468b82a28cea3e577, type: 2}
      propertyPath: m_LocalRotation.y
      value: -0
      objectReference: {fileID: 0}
    - target: {fileID: 4215434164086492, guid: 4f630fa568d36c3468b82a28cea3e577, type: 2}
      propertyPath: m_LocalRotation.z
      value: -0
      objectReference: {fileID: 0}
    - target: {fileID: 4215434164086492, guid: 4f630fa568d36c3468b82a28cea3e577, type: 2}
      propertyPath: m_LocalRotation.w
      value: 1
      objectReference: {fileID: 0}
    - target: {fileID: 4215434164086492, guid: 4f630fa568d36c3468b82a28cea3e577, type: 2}
      propertyPath: m_RootOrder
      value: 0
      objectReference: {fileID: 0}
    m_RemovedComponents: []
  m_ParentPrefab: {fileID: 100100000, guid: 4f630fa568d36c3468b82a28cea3e577, type: 2}
  m_IsPrefabParent: 0
--- !u!4 &1649954368 stripped
Transform:
  m_PrefabParentObject: {fileID: 4215434164086492, guid: 4f630fa568d36c3468b82a28cea3e577,
    type: 2}
  m_PrefabInternal: {fileID: 1649954367}
--- !u!1 &1739744752
GameObject:
  m_ObjectHideFlags: 0
  m_PrefabParentObject: {fileID: 0}
  m_PrefabInternal: {fileID: 0}
  serializedVersion: 5
  m_Component:
  - component: {fileID: 1739744753}
  m_Layer: 0
  m_Name: World
  m_TagString: Untagged
  m_Icon: {fileID: 0}
  m_NavMeshLayer: 0
  m_StaticEditorFlags: 0
  m_IsActive: 1
--- !u!4 &1739744753
Transform:
  m_ObjectHideFlags: 0
  m_PrefabParentObject: {fileID: 0}
  m_PrefabInternal: {fileID: 0}
  m_GameObject: {fileID: 1739744752}
  m_LocalRotation: {x: 0, y: 0, z: 0, w: 1}
  m_LocalPosition: {x: 68.651985, y: 4.6915765, z: 0.28244415}
  m_LocalScale: {x: 1, y: 1, z: 1}
  m_Children:
  - {fileID: 17593064}
  - {fileID: 1458285383}
  - {fileID: 131497522}
  - {fileID: 1980445095}
  m_Father: {fileID: 0}
  m_RootOrder: 3
  m_LocalEulerAnglesHint: {x: 0, y: 0, z: 0}
--- !u!1001 &1850518319
Prefab:
  m_ObjectHideFlags: 0
  serializedVersion: 2
  m_Modification:
    m_TransformParent: {fileID: 1458285383}
    m_Modifications:
    - target: {fileID: 4013872148964950, guid: d2c01c4909fb5bc47b3a8162addcf86d, type: 2}
      propertyPath: m_LocalPosition.x
      value: 11.25
      objectReference: {fileID: 0}
    - target: {fileID: 4013872148964950, guid: d2c01c4909fb5bc47b3a8162addcf86d, type: 2}
      propertyPath: m_LocalPosition.y
      value: 0.16039836
      objectReference: {fileID: 0}
    - target: {fileID: 4013872148964950, guid: d2c01c4909fb5bc47b3a8162addcf86d, type: 2}
      propertyPath: m_LocalPosition.z
      value: -0.96195513
      objectReference: {fileID: 0}
    - target: {fileID: 4013872148964950, guid: d2c01c4909fb5bc47b3a8162addcf86d, type: 2}
      propertyPath: m_LocalRotation.x
      value: -0
      objectReference: {fileID: 0}
    - target: {fileID: 4013872148964950, guid: d2c01c4909fb5bc47b3a8162addcf86d, type: 2}
      propertyPath: m_LocalRotation.y
      value: -0
      objectReference: {fileID: 0}
    - target: {fileID: 4013872148964950, guid: d2c01c4909fb5bc47b3a8162addcf86d, type: 2}
      propertyPath: m_LocalRotation.z
      value: -0
      objectReference: {fileID: 0}
    - target: {fileID: 4013872148964950, guid: d2c01c4909fb5bc47b3a8162addcf86d, type: 2}
      propertyPath: m_LocalRotation.w
      value: 1
      objectReference: {fileID: 0}
    - target: {fileID: 4013872148964950, guid: d2c01c4909fb5bc47b3a8162addcf86d, type: 2}
      propertyPath: m_RootOrder
      value: 5
      objectReference: {fileID: 0}
    - target: {fileID: 4013872148964950, guid: d2c01c4909fb5bc47b3a8162addcf86d, type: 2}
      propertyPath: m_LocalScale.x
      value: 0.56080073
      objectReference: {fileID: 0}
    - target: {fileID: 4013872148964950, guid: d2c01c4909fb5bc47b3a8162addcf86d, type: 2}
      propertyPath: m_LocalScale.y
      value: 1
      objectReference: {fileID: 0}
    - target: {fileID: 212947636826332594, guid: d2c01c4909fb5bc47b3a8162addcf86d,
        type: 2}
      propertyPath: m_Sprite
      value: 
      objectReference: {fileID: 21300000, guid: 90ec92435a2b94946a3f3ec82bb50983,
        type: 3}
    - target: {fileID: 61071517797400484, guid: d2c01c4909fb5bc47b3a8162addcf86d,
        type: 2}
      propertyPath: m_SpriteTilingProperty.oldSize.x
      value: 35.079998
      objectReference: {fileID: 0}
    - target: {fileID: 61071517797400484, guid: d2c01c4909fb5bc47b3a8162addcf86d,
        type: 2}
      propertyPath: m_SpriteTilingProperty.oldSize.y
      value: 24.8
      objectReference: {fileID: 0}
    - target: {fileID: 61071517797400484, guid: d2c01c4909fb5bc47b3a8162addcf86d,
        type: 2}
      propertyPath: m_Size.x
      value: 27.42
      objectReference: {fileID: 0}
    - target: {fileID: 61071517797400484, guid: d2c01c4909fb5bc47b3a8162addcf86d,
        type: 2}
      propertyPath: m_Size.y
      value: 3.3
      objectReference: {fileID: 0}
    - target: {fileID: 61071517797400484, guid: d2c01c4909fb5bc47b3a8162addcf86d,
        type: 2}
      propertyPath: m_Offset.x
      value: 1.4
      objectReference: {fileID: 0}
    - target: {fileID: 61071517797400484, guid: d2c01c4909fb5bc47b3a8162addcf86d,
        type: 2}
      propertyPath: m_Offset.y
      value: -8
      objectReference: {fileID: 0}
    - target: {fileID: 1434166943092844, guid: d2c01c4909fb5bc47b3a8162addcf86d, type: 2}
      propertyPath: m_Name
      value: Ground (3)
      objectReference: {fileID: 0}
    m_RemovedComponents: []
  m_ParentPrefab: {fileID: 100100000, guid: d2c01c4909fb5bc47b3a8162addcf86d, type: 2}
  m_IsPrefabParent: 0
--- !u!4 &1850518320 stripped
Transform:
  m_PrefabParentObject: {fileID: 4013872148964950, guid: d2c01c4909fb5bc47b3a8162addcf86d,
    type: 2}
  m_PrefabInternal: {fileID: 1850518319}
--- !u!1001 &1863040318
Prefab:
  m_ObjectHideFlags: 0
  serializedVersion: 2
  m_Modification:
    m_TransformParent: {fileID: 1458285383}
    m_Modifications:
    - target: {fileID: 4013872148964950, guid: d2c01c4909fb5bc47b3a8162addcf86d, type: 2}
      propertyPath: m_LocalPosition.x
      value: -19.963
      objectReference: {fileID: 0}
    - target: {fileID: 4013872148964950, guid: d2c01c4909fb5bc47b3a8162addcf86d, type: 2}
      propertyPath: m_LocalPosition.y
      value: 0.16039836
      objectReference: {fileID: 0}
    - target: {fileID: 4013872148964950, guid: d2c01c4909fb5bc47b3a8162addcf86d, type: 2}
      propertyPath: m_LocalPosition.z
      value: -0.96195513
      objectReference: {fileID: 0}
    - target: {fileID: 4013872148964950, guid: d2c01c4909fb5bc47b3a8162addcf86d, type: 2}
      propertyPath: m_LocalRotation.x
      value: -0
      objectReference: {fileID: 0}
    - target: {fileID: 4013872148964950, guid: d2c01c4909fb5bc47b3a8162addcf86d, type: 2}
      propertyPath: m_LocalRotation.y
      value: -0
      objectReference: {fileID: 0}
    - target: {fileID: 4013872148964950, guid: d2c01c4909fb5bc47b3a8162addcf86d, type: 2}
      propertyPath: m_LocalRotation.z
      value: -0
      objectReference: {fileID: 0}
    - target: {fileID: 4013872148964950, guid: d2c01c4909fb5bc47b3a8162addcf86d, type: 2}
      propertyPath: m_LocalRotation.w
      value: 1
      objectReference: {fileID: 0}
    - target: {fileID: 4013872148964950, guid: d2c01c4909fb5bc47b3a8162addcf86d, type: 2}
      propertyPath: m_RootOrder
      value: 4
      objectReference: {fileID: 0}
    - target: {fileID: 4013872148964950, guid: d2c01c4909fb5bc47b3a8162addcf86d, type: 2}
      propertyPath: m_LocalScale.x
      value: 0.87195885
      objectReference: {fileID: 0}
    - target: {fileID: 4013872148964950, guid: d2c01c4909fb5bc47b3a8162addcf86d, type: 2}
      propertyPath: m_LocalScale.y
      value: 1
      objectReference: {fileID: 0}
    - target: {fileID: 212947636826332594, guid: d2c01c4909fb5bc47b3a8162addcf86d,
        type: 2}
      propertyPath: m_Sprite
      value: 
      objectReference: {fileID: 21300000, guid: 90ec92435a2b94946a3f3ec82bb50983,
        type: 3}
    - target: {fileID: 61071517797400484, guid: d2c01c4909fb5bc47b3a8162addcf86d,
        type: 2}
      propertyPath: m_SpriteTilingProperty.oldSize.x
      value: 35.079998
      objectReference: {fileID: 0}
    - target: {fileID: 61071517797400484, guid: d2c01c4909fb5bc47b3a8162addcf86d,
        type: 2}
      propertyPath: m_SpriteTilingProperty.oldSize.y
      value: 24.8
      objectReference: {fileID: 0}
    - target: {fileID: 61071517797400484, guid: d2c01c4909fb5bc47b3a8162addcf86d,
        type: 2}
      propertyPath: m_Size.x
      value: 27.42
      objectReference: {fileID: 0}
    - target: {fileID: 61071517797400484, guid: d2c01c4909fb5bc47b3a8162addcf86d,
        type: 2}
      propertyPath: m_Size.y
      value: 3.3
      objectReference: {fileID: 0}
    - target: {fileID: 61071517797400484, guid: d2c01c4909fb5bc47b3a8162addcf86d,
        type: 2}
      propertyPath: m_Offset.x
      value: 1.4
      objectReference: {fileID: 0}
    - target: {fileID: 61071517797400484, guid: d2c01c4909fb5bc47b3a8162addcf86d,
        type: 2}
      propertyPath: m_Offset.y
      value: -8
      objectReference: {fileID: 0}
    m_RemovedComponents: []
  m_ParentPrefab: {fileID: 100100000, guid: d2c01c4909fb5bc47b3a8162addcf86d, type: 2}
  m_IsPrefabParent: 0
--- !u!4 &1863040319 stripped
Transform:
  m_PrefabParentObject: {fileID: 4013872148964950, guid: d2c01c4909fb5bc47b3a8162addcf86d,
    type: 2}
  m_PrefabInternal: {fileID: 1863040318}
--- !u!1001 &1980445094
Prefab:
  m_ObjectHideFlags: 0
  serializedVersion: 2
  m_Modification:
    m_TransformParent: {fileID: 1739744753}
    m_Modifications:
    - target: {fileID: 4081702816992406, guid: f95d527cb5e5aa8478b6af11a7e18e90, type: 2}
      propertyPath: m_LocalPosition.x
      value: -3.2219849
      objectReference: {fileID: 0}
    - target: {fileID: 4081702816992406, guid: f95d527cb5e5aa8478b6af11a7e18e90, type: 2}
      propertyPath: m_LocalPosition.y
      value: -2.0615764
      objectReference: {fileID: 0}
    - target: {fileID: 4081702816992406, guid: f95d527cb5e5aa8478b6af11a7e18e90, type: 2}
      propertyPath: m_LocalPosition.z
      value: -0.28244415
      objectReference: {fileID: 0}
    - target: {fileID: 4081702816992406, guid: f95d527cb5e5aa8478b6af11a7e18e90, type: 2}
      propertyPath: m_LocalRotation.x
      value: -0
      objectReference: {fileID: 0}
    - target: {fileID: 4081702816992406, guid: f95d527cb5e5aa8478b6af11a7e18e90, type: 2}
      propertyPath: m_LocalRotation.y
      value: -0
      objectReference: {fileID: 0}
    - target: {fileID: 4081702816992406, guid: f95d527cb5e5aa8478b6af11a7e18e90, type: 2}
      propertyPath: m_LocalRotation.z
      value: -0.7071068
      objectReference: {fileID: 0}
    - target: {fileID: 4081702816992406, guid: f95d527cb5e5aa8478b6af11a7e18e90, type: 2}
      propertyPath: m_LocalRotation.w
      value: 0.7071068
      objectReference: {fileID: 0}
    - target: {fileID: 4081702816992406, guid: f95d527cb5e5aa8478b6af11a7e18e90, type: 2}
      propertyPath: m_RootOrder
      value: 3
      objectReference: {fileID: 0}
    - target: {fileID: 4081702816992406, guid: f95d527cb5e5aa8478b6af11a7e18e90, type: 2}
      propertyPath: m_LocalScale.x
      value: 0.5373027
      objectReference: {fileID: 0}
    - target: {fileID: 4081702816992406, guid: f95d527cb5e5aa8478b6af11a7e18e90, type: 2}
      propertyPath: m_LocalScale.y
      value: 1.1589346
      objectReference: {fileID: 0}
    m_RemovedComponents: []
  m_ParentPrefab: {fileID: 100100000, guid: f95d527cb5e5aa8478b6af11a7e18e90, type: 2}
  m_IsPrefabParent: 0
--- !u!4 &1980445095 stripped
Transform:
  m_PrefabParentObject: {fileID: 4081702816992406, guid: f95d527cb5e5aa8478b6af11a7e18e90,
    type: 2}
  m_PrefabInternal: {fileID: 1980445094}
--- !u!1001 &1999481408
Prefab:
  m_ObjectHideFlags: 0
  serializedVersion: 2
  m_Modification:
    m_TransformParent: {fileID: 1458285383}
    m_Modifications:
    - target: {fileID: 4013872148964950, guid: d2c01c4909fb5bc47b3a8162addcf86d, type: 2}
      propertyPath: m_LocalPosition.x
      value: 3.38
      objectReference: {fileID: 0}
    - target: {fileID: 4013872148964950, guid: d2c01c4909fb5bc47b3a8162addcf86d, type: 2}
      propertyPath: m_LocalPosition.y
      value: -8.46
      objectReference: {fileID: 0}
    - target: {fileID: 4013872148964950, guid: d2c01c4909fb5bc47b3a8162addcf86d, type: 2}
      propertyPath: m_LocalPosition.z
      value: -0.96195513
      objectReference: {fileID: 0}
    - target: {fileID: 4013872148964950, guid: d2c01c4909fb5bc47b3a8162addcf86d, type: 2}
      propertyPath: m_LocalRotation.x
      value: -0
      objectReference: {fileID: 0}
    - target: {fileID: 4013872148964950, guid: d2c01c4909fb5bc47b3a8162addcf86d, type: 2}
      propertyPath: m_LocalRotation.y
      value: -0
      objectReference: {fileID: 0}
    - target: {fileID: 4013872148964950, guid: d2c01c4909fb5bc47b3a8162addcf86d, type: 2}
      propertyPath: m_LocalRotation.z
      value: -0
      objectReference: {fileID: 0}
    - target: {fileID: 4013872148964950, guid: d2c01c4909fb5bc47b3a8162addcf86d, type: 2}
      propertyPath: m_LocalRotation.w
      value: 1
      objectReference: {fileID: 0}
    - target: {fileID: 4013872148964950, guid: d2c01c4909fb5bc47b3a8162addcf86d, type: 2}
      propertyPath: m_RootOrder
      value: 0
      objectReference: {fileID: 0}
    - target: {fileID: 1434166943092844, guid: d2c01c4909fb5bc47b3a8162addcf86d, type: 2}
      propertyPath: m_Name
      value: Ground (7)
      objectReference: {fileID: 0}
    - target: {fileID: 212947636826332594, guid: d2c01c4909fb5bc47b3a8162addcf86d,
        type: 2}
      propertyPath: m_Sprite
      value: 
      objectReference: {fileID: 21300000, guid: 5b6370326d640f049961f91f3abdcdb2,
        type: 3}
    - target: {fileID: 4013872148964950, guid: d2c01c4909fb5bc47b3a8162addcf86d, type: 2}
      propertyPath: m_LocalScale.x
      value: 0.32884848
      objectReference: {fileID: 0}
    - target: {fileID: 4013872148964950, guid: d2c01c4909fb5bc47b3a8162addcf86d, type: 2}
      propertyPath: m_LocalScale.y
      value: 1
      objectReference: {fileID: 0}
    - target: {fileID: 61071517797400484, guid: d2c01c4909fb5bc47b3a8162addcf86d,
        type: 2}
      propertyPath: m_SpriteTilingProperty.oldSize.x
      value: 35.079998
      objectReference: {fileID: 0}
    - target: {fileID: 61071517797400484, guid: d2c01c4909fb5bc47b3a8162addcf86d,
        type: 2}
      propertyPath: m_SpriteTilingProperty.oldSize.y
      value: 24.8
      objectReference: {fileID: 0}
    - target: {fileID: 61071517797400484, guid: d2c01c4909fb5bc47b3a8162addcf86d,
        type: 2}
      propertyPath: m_Size.x
      value: 29.03
      objectReference: {fileID: 0}
    - target: {fileID: 61071517797400484, guid: d2c01c4909fb5bc47b3a8162addcf86d,
        type: 2}
      propertyPath: m_Size.y
      value: 2.05
      objectReference: {fileID: 0}
    - target: {fileID: 61071517797400484, guid: d2c01c4909fb5bc47b3a8162addcf86d,
        type: 2}
      propertyPath: m_Offset.x
      value: -0.74
      objectReference: {fileID: 0}
    - target: {fileID: 61071517797400484, guid: d2c01c4909fb5bc47b3a8162addcf86d,
        type: 2}
      propertyPath: m_Offset.y
      value: 5.6
      objectReference: {fileID: 0}
    m_RemovedComponents: []
  m_ParentPrefab: {fileID: 100100000, guid: d2c01c4909fb5bc47b3a8162addcf86d, type: 2}
  m_IsPrefabParent: 0
--- !u!4 &1999481409 stripped
Transform:
  m_PrefabParentObject: {fileID: 4013872148964950, guid: d2c01c4909fb5bc47b3a8162addcf86d,
    type: 2}
  m_PrefabInternal: {fileID: 1999481408}
